Liste des paramètres acceptés : address, author, booktitle, chapter, edition, editor, howpublished, institution, journal, key, month, note, number, organization, pages, publisher, school, series, title, type, volume, year, eprint, doi, url, lastchecked
Liste des types d'entrées : article, book, booklet, inbook, incollection, inproceedings, mastersthesis, manual, misc, phdthesius, proceedings, techreport, unpublished

@book { poly:mottelet_2003
author = "Stéphane Mottelet",
title  = "RO04/TI07 - Optimisation non-linéaire",
institution = "Université de Technologie de Compiègne",
pages = "47-67",
year = "2003"
}

@misc{ wiki:en_newton_optimization,
author = "{Wikipedia contributors}",
title = "Newton's method in optimization --- {Wikipedia}{,} The Free Encyclopedia",
year = "2020",
howpublished = "\url{https://en.wikipedia.org/w/index.php?title=Newton%27s_method_in_optimization&oldid=956681627}",
note = "[Online; accessed 4-June-2020]"
}
@misc{ wiki:en_quasi_newton,
author = "{Wikipedia contributors}",
title = "Quasi-Newton method --- {Wikipedia}{,} The Free Encyclopedia",
year = "2020",
howpublished = "\url{https://en.wikipedia.org/w/index.php?title=Quasi-Newton_method&oldid=959247803}",
note = "[Online; accessed 4-June-2020]"
}

@misc{ wiki:fr_bfgs,
author = "Wikipédia",
title = "Méthode de Broyden-Fletcher-Goldfarb-Shanno --- Wikipédia{,} l'encyclopédie libre",
year = "2020",
url = "\url{http://fr.wikipedia.org/w/index.php?title=M%C3%A9thode_de_Broyden-Fletcher-Goldfarb-Shanno&oldid=171395807}",
note = "[En ligne; Page disponible le 28-mai-2020]"
}

@misc{ wiki:en_bfgs,
author = "{Wikipedia contributors}",
title = "Broyden–Fletcher–Goldfarb–Shanno algorithm --- {Wikipedia}{,} The Free Encyclopedia",
year = "2020",
howpublished = "\url{https://en.wikipedia.org/w/index.php?title=Broyden%E2%80%93Fletcher%E2%80%93Goldfarb%E2%80%93Shanno_algorithm&oldid=950677423}",
note = "[Online; accessed 4-June-2020]"
}